%% This BibTeX bibliography file was created using BibDesk.
%% http://bibdesk.sourceforge.net/
%% Saved with string encoding Unicode (UTF-8) 

@article{shera1977history,
  title={History and foundations of information science},
  author={Shera, Jesse H and Cleveland, Donald B},
  journal={Annual review of information science and technology},
  volume={12},
  number={12},
  pages={249--275},
  year={1977},
  publisher={Knowledge Industry Publications New York}
}

@phdthesis{ferneda2003recuperaccao,
  title={Recupera{\c{c}}{\~a}o de informa{\c{c}}{\~a}o: an{\'a}lise sobre a contribui{\c{c}}{\~a}o da ci{\^e}ncia de computa{\c{c}}{\~a}o para a ci{\^e}ncia da informa{\c{c}}{\~a}o},
  author={Ferneda, Edberto},
  year={2003}
}

@article{mooers1951zatocoding,
  title={Zatocoding applied to mechanical organization of knowledge},
  author={Mooers, Calvin N},
  journal={Journal of the Association for Information Science and Technology},
  volume={2},
  number={1},
  pages={20--32},
  year={1951},
  publisher={Wiley Online Library}
}

@book{baeza2013recuperacao,
  title={Recuperacao de Informacao-: Conceitos e Tecnologia das Maquinas de Busca},
  author={Baeza-Yates, Ricardo and Ribeiro-Neto, Berthier},
  year={2013},
  publisher={Bookman Editora}
}

@article{silva2013modelos,
  title={Modelos de recupera{\c{c}}{\~a}o de informa{\c{c}}{\~a}o e web sem{\^a}ntica: a quest{\~a}o da relev{\^a}ncia},
  author={Silva, Renata Eleuterio da and Santos, Pl{\'a}cida Leopoldina Ventura Amorim da and Ferneda, Edberto and others},
  journal={Informa{\c{c}}{\~a}o \& Informa{\c{c}}{\~a}o},
  pages={27--44},
  year={2013}
}

@article{salton1983extended,
  title={Extended Boolean information retrieval},
  author={Salton, Gerard and Fox, Edward A and Wu, Harry},
  journal={Communications of the ACM},
  volume={26},
  number={11},
  pages={1022--1036},
  year={1983},
  publisher={ACM}
}

@article{cardoso2004recuperaccao,
  title={Recupera{\c{c}}{\~a}o de Informa{\c{c}}{\~a}o.},
  author={Cardoso, Olinda Nogueira Paes},
  journal={INFOCOMP Journal of Computer Science},
  volume={2},
  number={1},
  pages={33--38},
  year={2004}
}

@article{van1986non,
  title={A non-classical logic for information retrieval},
  author={Van Rijsbergen, Cornelis J},
  journal={The computer journal},
  volume={29},
  number={6},
  pages={481--485},
  year={1986},
  publisher={Br Computer Soc}
}

@book{shaw1999controle,
  title={Controle e modelagem fuzzy},
  author={Shaw, Ian S},
  year={1999},
  publisher={Edgard Blucher}
}

@article{peres2008sistemas,
  title={Sistemas gerenciadores de banco de dados relacionais Fuzzy: uma aplica{\c{c}}{\~a}o em recupera{\c{c}}{\~a}o de informa{\c{c}}{\~a}o},
  author={Peres, Sarajane Marques and Boscarioli, Clodis},
  journal={Acta Scientiarum. Technology},
  volume={24},
  pages={1733--1743},
  year={2008}
}

@book{demuth2014neural,
  title={Neural network design},
  author={Demuth, Howard B and Beale, Mark H and De Jess, Orlando and Hagan, Martin T},
  year={2014},
  publisher={Martin Hagan}
}

@article{turtle1991evaluation,
  title={Evaluation of an inference network-based retrieval model},
  author={Turtle, Howard and Croft, W Bruce},
  journal={ACM Transactions on Information Systems (TOIS)},
  volume={9},
  number={3},
  pages={187--222},
  year={1991},
  publisher={ACM}
}

@article{deb2002fast,
  title={A fast and elitist multiobjective genetic algorithm: NSGA-II},
  author={Deb, Kalyanmoy and Pratap, Amrit and Agarwal, Sameer and Meyarivan, TAMT},
  journal={IEEE transactions on evolutionary computation},
  volume={6},
  number={2},
  pages={182--197},
  year={2002},
  publisher={IEEE}
}

@inproceedings{cutting1989optimization,
  title={Optimization for dynamic inverted index maintenance},
  author={Cutting, Doug and Pedersen, Jan},
  booktitle={Proceedings of the 13th annual international ACM SIGIR conference on Research and development in information retrieval},
  pages={405--411},
  year={1989},
  organization={ACM}
}

@inproceedings{farach1997optimal,
  title={Optimal suffix tree construction with large alphabets},
  author={Farach, Martin},
  booktitle={Foundations of Computer Science, 1997. Proceedings., 38th Annual Symposium on},
  pages={137--143},
  year={1997},
  organization={IEEE}
}

@inproceedings{chaudhuri2009extending,
  title={Extending autocompletion to tolerate errors},
  author={Chaudhuri, Surajit and Kaushik, Raghav},
  booktitle={Proceedings of the 2009 ACM SIGMOD International Conference on Management of data},
  pages={707--718},
  year={2009},
  organization={ACM}
}

@inproceedings{arasu2006efficient,
  title={Efficient exact set-similarity joins},
  author={Arasu, Arvind and Ganti, Venkatesh and Kaushik, Raghav},
  booktitle={Proceedings of the 32nd international conference on Very large data bases},
  pages={918--929},
  year={2006},
  organization={VLDB Endowment}
}

@inproceedings{chaudhuri2006primitive,
  title={A primitive operator for similarity joins in data cleaning},
  author={Chaudhuri, Surajit and Ganti, Venkatesh and Kaushik, Raghav},
  booktitle={Data Engineering, 2006. ICDE'06. proceedings of the 22nd International Conference on},
  pages={5--5},
  year={2006},
  organization={IEEE}
}

@article{xiao2008ed,
  title={Ed-join: an efficient algorithm for similarity joins with edit distance constraints},
  author={Xiao, Chuan and Wang, Wei and Lin, Xuemin},
  journal={Proceedings of the VLDB Endowment},
  volume={1},
  number={1},
  pages={933--944},
  year={2008},
  publisher={VLDB Endowment}
}

@article{li2011efficient,
  title={Efficient fuzzy full-text type-ahead search},
  author={Li, Guoliang and Ji, Shengyue and Li, Chen and Feng, Jianhua},
  journal={The VLDB Journal—The International Journal on Very Large Data Bases},
  volume={20},
  number={4},
  pages={617--640},
  year={2011},
  publisher={Springer-Verlag New York, Inc.}
}

@article{xiao2013efficient,
  title={Efficient error-tolerant query autocompletion},
  author={Xiao, Chuan and Qin, Jianbin and Wang, Wei and Ishikawa, Yoshiharu and Tsuda, Koji and Sadakane, Kunihiko},
  journal={Proceedings of the VLDB Endowment},
  volume={6},
  number={6},
  pages={373--384},
  year={2013},
  publisher={VLDB Endowment}
}

@inproceedings{Hu2019,
  doi = {10.1145/3299869.3319858},
  url = {https://doi.org/10.1145/3299869.3319858},
  year = {2019},
  publisher = {{ACM} Press},
  author = {Sheng Hu and Chuan Xiao and Jianbin Qin and Yoshiharu Ishikawa and Qiang Ma},
  title = {Autocompletion for Prefix-Abbreviated Input},
  booktitle = {Proceedings of the 2019 International Conference on Management of Data - {SIGMOD} {\textquotesingle}19}
}

@article{zhou2016beva,
  title={BEVA: An Efficient Query Processing Algorithm for Error-Tolerant Autocompletion},
  author={Zhou, Xiaoling and Qin, Jianbin and Xiao, Chuan and Wang, Wei and Lin, Xuemin and Ishikawa, Yoshiharu},
  journal={ACM Transactions on Database Systems (TODS)},
  volume={41},
  number={1},
  pages={5},
  year={2016},
  publisher={ACM}
}

@article{deng2016meta,
  title={META: an efficient matching-based method for error-tolerant autocompletion},
  author={Deng, Dong and Li, Guoliang and Wen, He and Jagadish, HV and Feng, Jianhua},
  journal={Proceedings of the VLDB Endowment},
  volume={9},
  number={10},
  pages={828--839},
  year={2016},
  publisher={VLDB Endowment}
}

@inproceedings{xu2017top,
  title={Top-k String Auto-Completion with Synonyms},
  author={Xu, Pengfei and Lu, Jiaheng},
  booktitle={International Conference on Database Systems for Advanced Applications},
  pages={202--218},
  year={2017},
  organization={Springer}
}

@inproceedings{manber1994glimpse,
  title={GLIMPSE: A Tool to Search Through Entire File Systems.},
  author={Manber, Udi and Wu, Sun and others},
  booktitle={Usenix Winter},
  pages={23--32},
  year={1994}
}


@inproceedings{li2012supporting,
  title={Supporting efficient top-k queries in type-ahead search},
  author={Li, Guoliang and Wang, Jiannan and Li, Chen and Feng, Jianhua},
  booktitle={Proceedings of the 35th international ACM SIGIR conference on Research and development in information retrieval},
  pages={355--364},
  year={2012},
  organization={ACM}
}

@article{lu2015boosting,
  title={Boosting the quality of approximate string matching by synonyms},
  author={Lu, Jiaheng and Lin, Chunbin and Wang, Wei and Li, Chen and Xiao, Xiaokui},
  journal={ACM Transactions on Database Systems (TODS)},
  volume={40},
  number={3},
  pages={15},
  year={2015},
  publisher={ACM}
}

@book{Knuth:1998,
 author = {Knuth, Donald E.},
 title = {The Art of Computer Programming,  Volume 3: (2Nd Ed.) Sorting and Searching},
 year = {1998},
 isbn = {0-201-89685-0},
 publisher = {Addison Wesley Longman Publishing Co., Inc.},
 address = {Redwood City, CA, USA},
} 

@inproceedings{ji2009efficient,
  title={Efficient interactive fuzzy keyword search},
  author={Ji, Shengyue and Li, Guoliang and Li, Chen and Feng, Jianhua},
  booktitle={Proceedings of the 18th international conference on World wide web},
  pages={371--380},
  year={2009}
}

@inproceedings{levenshtein1966binary,
  title={Binary codes capable of correcting deletions, insertions, and reversals},
  author={Levenshtein, Vladimir I},
  booktitle={Soviet physics doklady},
  volume={10},
  pages={707--710},
  year={1966}
}

@article{xavier2019,
  title={Um método em dois níveis para completação automática de sentenças},
  year={2019},
  author={Daniel da Costa Xavier},
  journal = {'},
  numpages={81}
}

@article{berg2020,
  title={Optimizing BEVA with Two-Level Indexes},
  year={2020},
  author={Van Den Berg da Gama Ferreira},
  journal = {'},
  numpages={91}
}

@article{baeza2000block,
  title={Block addressing indices for approximate text retrieval},
  author={Baeza--Yates, Ricardo and Navarro, Gonzalo},
  journal={Journal of the American Society for Information Science},
  volume={51},
  number={1},
  pages={69--82},
  year={2000},
  publisher={Wiley Online Library}
}

@book{baezayates99,
  added-at = {2009-04-16T13:18:33.000+0200},
  author = {Baeza-Yates, Ricardo A. and Ribeiro-Neto, Berthier A.},
  biburl = {https://www.bibsonomy.org/bibtex/216ab70975f635f8d72de82e2ef3ef9de/hotho},
  description = {dblp},
  interhash = {6f78177742b3c836218aacfc7fc4c43c},
  intrahash = {16ab70975f635f8d72de82e2ef3ef9de},
  isbn = {0-201-39829-X},
  keywords = {information ir lecture retrieval standard vorlesung},
  publisher = {ACM Press / Addison-Wesley},
  timestamp = {2009-04-16T13:18:33.000+0200},
  title = {Modern Information Retrieval},
  url = {http://www.ischool.berkeley.edu/~hearst/irbook/glossary.html},
  year = 1999
}



@article{navarro2000adding,
  title={Adding compression to block addressing inverted indexes},
  author={Navarro, Gonzalo and De Moura, Edleno Silva and Neubert, Marden and Ziviani, Nivio and Baeza-Yates, Ricardo},
  journal={Information retrieval},
  volume={3},
  number={1},
  pages={49--77},
  year={2000},
  publisher={Springer}
}

@article{heinz2002burst,
  title={Burst Tries: a fast, efficient data structure for string keys},
  author={Heinz, Steffen and Zobel, Justin and Williams, Hugh E},
  journal={ACM Transactions on Information Systems (TOIS)},
  volume={20},
  number={2},
  pages={192--223},
  year={2002},
  publisher={ACM}
}

@inproceedings{broder2009,
author = {Broder, Andrei and Ciccolo, Peter and Gabrilovich, Evgeniy and Josifovski, Vanja and Metzler, Donald and Riedel, Lance and Yuan, Jeffrey},
title = {Online Expansion of Rare Queries for Sponsored Search},
year = {2009},
isbn = {9781605584874},
publisher = {Association for Computing Machinery},
address = {New York, NY, USA},
url = {https://doi.org/10.1145/1526709.1526778},
doi = {10.1145/1526709.1526778},
booktitle = {Proceedings of the 18th International Conference on World Wide Web},
pages = {511–520},
numpages = {10},
keywords = {query expansion, tail queries, sponsored search},
location = {Madrid, Spain},
series = {WWW '09}
}

@article{fredkintrie1960,
author = {Fredkin, Edward},
title = {Trie Memory},
year = {1960},
issue_date = {September 1960},
publisher = {Association for Computing Machinery},
address = {New York, NY, USA},
volume = {3},
number = {9},
issn = {0001-0782},
url = {https://doi.org/10.1145/367390.367400},
doi = {10.1145/367390.367400},
journal = {Commun. ACM},
month = sep,
pages = {490–499},
numpages = {10}
}

@inproceedings{santo2015,
author = {Di Santo, Giovanni and McCreadie, Richard and Macdonald, Craig and Ounis, Iadh},
title = {Comparing Approaches for Query Autocompletion},
year = {2015},
isbn = {9781450336215},
publisher = {Association for Computing Machinery},
address = {New York, NY, USA},
url = {https://doi.org/10.1145/2766462.2767829},
doi = {10.1145/2766462.2767829},
abstract = {Within a search engine, query auto-completion aims to predict the final query the user wants to enter as they type, with the aim of reducing query entry time and potentially preparing the search results in advance of query submission. There are a large number of approaches to automatically rank candidate queries for the purposes of auto-completion. However, no study exists that compares these approaches on a single dataset. Hence, in this paper, we present a comparison study between current approaches to rank candidate query completions for the user query as it is typed. Using a query-log and document corpus from a commercial medical search engine, we study the performance of 11 candidate query ranking approaches from the literature and analyze where they are effective. We show that the most effective approaches to query auto-completion are largely dependent on the number of characters that the user has typed so far, with the most effective approach differing for short and long prefixes. Moreover, we show that if personalized information is available about the searcher, this additional information can be used to more effectively rank query candidate completions, regardless of the prefix length.},
booktitle = {Proceedings of the 38th International ACM SIGIR Conference on Research and Development in Information Retrieval},
pages = {775–778},
numpages = {4},
keywords = {information retrieval, query completion},
location = {Santiago, Chile},
series = {SIGIR '15}
}

@book{irbookchristopher,
  added-at = {2011-11-16T19:25:59.000+0100},
  author = {{Christopher D. Manning, Prabhakar Raghavan}, Hinrich Schütze},
  biburl = {https://www.bibsonomy.org/bibtex/29e12edc4fe0e9ac1121b947aa0098d75/valiumlove},
  description = {Introduction to Information Retrieval},
  interhash = {6b779b7c4b6e85b614707e21f4f86a48},
  intrahash = {9e12edc4fe0e9ac1121b947aa0098d75},
  keywords = {0521865719 2008 ISBN: information introduction irhhu manning raghavan retrieval schütze},
  note = {ISBN: 0521865719},
  timestamp = {2011-11-17T15:13:22.000+0100},
  title = {Introduction to Information Retrieval},
  url = {http://nlp.stanford.edu/IR-book/},
  year = 2008
}

@article{qin2020efficient,
  title={Efficient query autocompletion with edit distance-based error tolerance},
  author={Qin, Jianbin and Xiao, Chuan and Hu, Sheng and Zhang, Jie and Wang, Wei and Ishikawa, Yoshiharu and Tsuda, Koji and Sadakane, Kunihiko},
  journal={The VLDB Journal},
  volume={29},
  number={4},
  pages={919--943},
  year={2020},
  publisher={Springer}
}

@article{schulz2002fast,
  title={Fast string correction with Levenshtein automata},
  author={Schulz, Klaus U and Mihov, Stoyan},
  journal={International Journal on Document Analysis and Recognition},
  volume={5},
  number={1},
  pages={67--85},
  year={2002},
  publisher={Springer}
}

@article{ukkonen1985algorithms,
  title={Algorithms for approximate string matching},
  author={Ukkonen, Esko},
  journal={Information and control},
  volume={64},
  number={1-3},
  pages={100--118},
  year={1985},
  publisher={Elsevier}
}